<record><leader>00000cas a2200000 a 4500</leader><controlfield tag="001">33852026</controlfield><controlfield tag="007">hd bfu---baat</controlfield><controlfield tag="007">hd afu---bact</controlfield><controlfield tag="008">951205d19611969nbuwr nea     0    0eng d</controlfield><datafield ind1=" " ind2=" " tag="010"><subfield code="a">sn 95073149 </subfield></datafield><datafield ind1=" " ind2=" " tag="040"><subfield code="a">NVG</subfield><subfield code="b">eng</subfield><subfield code="c">NVG</subfield><subfield code="d">OCL</subfield><subfield code="d">OCLCQ</subfield><subfield code="d">OCLCF</subfield><subfield code="d">OCLCO</subfield></datafield><datafield ind1="1" ind2=" " tag="029"><subfield code="a">AU@</subfield><subfield code="b">000012177939</subfield></datafield><datafield ind1=" " ind2=" " tag="042"><subfield code="a">msc</subfield></datafield><datafield ind1=" " ind2=" " tag="043"><subfield code="a">n-us-nb</subfield></datafield><datafield ind1="0" ind2="4" tag="245"><subfield code="a">The Harrison sun and Sioux County news</subfield><subfield code="h">[microform].</subfield></datafield><datafield ind1="1" ind2="3" tag="246"><subfield code="a">Harrison sun-news</subfield><subfield code="f">Dec. 21, 1961-July 1969</subfield></datafield><datafield ind1=" " ind2=" " tag="260"><subfield code="a">Harrison, Neb. :</subfield><subfield code="b">Gerald Bardo, James B. Griffith, Jr.,</subfield><subfield code="c">1961-1969.</subfield></datafield><datafield ind1=" " ind2=" " tag="300"><subfield code="a">9 v.</subfield></datafield><datafield ind1=" " ind2=" " tag="310"><subfield code="a">Weekly</subfield></datafield><datafield ind1="0" ind2=" " tag="362"><subfield code="a">Vol. 60, no. 3 (May 18, 1961)-v. 68, no. 22 (July 10, 1969).</subfield></datafield><datafield ind1=" " ind2=" " tag="580"><subfield code="a">Distributed with: The Lusk herald.</subfield></datafield><datafield ind1=" " ind2=" " tag="580"><subfield code="a">Formed by the union of: Harrison sun, and: Sioux County news.</subfield></datafield><datafield ind1=" " ind2=" " tag="533"><subfield code="a">Microfilm.</subfield><subfield code="m">1961-1969.</subfield><subfield code="b">Lincoln, Neb. :</subfield><subfield code="c">Nebraska State Historical Society,</subfield><subfield code="d">1972.</subfield><subfield code="e">6 microfilm reels ; 35 mm.</subfield></datafield><datafield ind1=" " ind2="0" tag="651"><subfield code="a">Harrison (Neb.)</subfield><subfield code="v">Newspapers.</subfield></datafield><datafield ind1=" " ind2="0" tag="651"><subfield code="a">Sioux County (Neb.)</subfield><subfield code="v">Newspapers.</subfield></datafield><datafield ind1=" " ind2="7" tag="655"><subfield code="a">Newspapers.</subfield><subfield code="2">fast</subfield><subfield code="0">(OCoLC)fst01423814</subfield></datafield><datafield ind1=" " ind2="7" tag="651"><subfield code="a">Nebraska</subfield><subfield code="z">Harrison.</subfield><subfield code="2">fast</subfield><subfield code="0">(OCoLC)fst01274974</subfield></datafield><datafield ind1=" " ind2="7" tag="651"><subfield code="a">Nebraska</subfield><subfield code="z">Sioux County.</subfield><subfield code="2">fast</subfield><subfield code="0">(OCoLC)fst01238325</subfield></datafield><datafield ind1=" " ind2=" " tag="752"><subfield code="a">United States</subfield><subfield code="b">Nebraska</subfield><subfield code="c">Sioux</subfield><subfield code="d">Harrison.</subfield></datafield><datafield ind1="1" ind2=" " tag="776"><subfield code="c">Original</subfield><subfield code="w">(DLC)sn 92067037</subfield></datafield><datafield ind1="1" ind2=" " tag="777"><subfield code="t">Lusk herald (Lusk, Wyo. : 1927)</subfield><subfield code="w">(DLC)sn 95073151</subfield></datafield><datafield ind1="1" ind2="4" tag="780"><subfield code="t">Harrison sun</subfield><subfield code="w">(DLC)sn 95073147</subfield></datafield><datafield ind1="1" ind2="4" tag="780"><subfield code="t">Sioux County news</subfield><subfield code="w">(DLC)sn 95073148</subfield></datafield><datafield ind1="0" ind2="0" tag="785"><subfield code="t">Harrison sun (Harrison, Neb. : 1969)</subfield><subfield code="w">(DLC)sn 95073150</subfield></datafield></record>